<record>
    <leader>64331nas a22096371  4500</leader>
    <controlfield tag="001">a198847</controlfield>
    <controlfield tag="003">dlc</controlfield>
    <controlfield tag="005">20151212064402.0</controlfield>
    <controlfield tag="008">820607c19559999xx wu         0    0eng d</controlfield>
    <datafield tag="010" ind1=" " ind2=" ">
        <subfield code="a">sn 78001178</subfield>
    </datafield>
    <datafield tag="019" ind1=" " ind2=" ">
        <subfield code="a">Original paper copies shrink-wrapped and housed in the Annex as archival copies. Scattered issues wanting, 1955-1983. F.Durkin 10/28/99.</subfield>
    </datafield>
    <datafield tag="019" ind1=" " ind2=" ">
        <subfield code="a"> MARS</subfield>
    </datafield>
    <datafield tag="019" ind1=" " ind2=" ">
        <subfield code="a">MARS</subfield>
    </datafield>
    <datafield tag="022" ind1=" " ind2=" ">
        <subfield code="a">0023-7485</subfield>
    </datafield>
    <datafield tag="029" ind1="0" ind2="0">
        <subfield code="a">cp</subfield>
        <subfield code="b">17-X</subfield>
        <subfield code="c">S451.P4L3 Q v.6 Nov.1961-v.11 pt.2 Nov.1966, v.27 Dec.1981-v.31 Dec.1985</subfield>
    </datafield>
    <datafield tag="029" ind1="0" ind2="0">
        <subfield code="a">aa</subfield>
        <subfield code="b">900000000133</subfield>
        <subfield code="c">S451.P4L3 Q v.31:no.10:sect.A(Jan.1986)-v.32:no.32:sect.D(June 13,1987), v.32:no.33:sect.A(June 20, 1987)-v.33:no.4:sect.C(Dec.5,1987), v.33:no.5:sect.A(Dec.12,1987)-v.33:no.8:sect.C(Dec.31,1987)</subfield>
    </datafield>
    <datafield tag="032" ind1=" " ind2=" ">
        <subfield code="a">304040</subfield>
        <subfield code="b">USPS</subfield>
    </datafield>
    <datafield tag="035" ind1=" " ind2=" ">
        <subfield code="a">LIAS211132</subfield>
    </datafield>
    <datafield tag="035" ind1=" " ind2=" ">
        <subfield code="a">(OCoLC)4090706</subfield>
    </datafield>
    <datafield tag="040" ind1=" " ind2=" ">
        <subfield code="d">UtOrBLW</subfield>
    </datafield>
    <datafield tag="245" ind1="0" ind2="0">
        <subfield code="a">Lancaster farming.</subfield>
    </datafield>
    <datafield tag="260" ind1=" " ind2="1">
        <subfield code="a">Lancaster, Pa., etc. :</subfield>
        <subfield code="b">Lancaster Farming,</subfield>
        <subfield code="c">1955-</subfield>
    </datafield>
    <datafield tag="300" ind1=" " ind2=" ">
        <subfield code="a">volumes :</subfield>
        <subfield code="b">illustrations</subfield>
    </datafield>
    <datafield ind1=" " ind2=" " tag="310">
        <subfield code="a">Weekly</subfield>
    </datafield>
    <datafield tag="336" ind1=" " ind2=" ">
        <subfield code="a">text</subfield>
        <subfield code="b">txt</subfield>
        <subfield code="2">rdacontent</subfield>
    </datafield>
    <datafield tag="337" ind1=" " ind2=" ">
        <subfield code="a">unmediated</subfield>
        <subfield code="b">n</subfield>
        <subfield code="2">rdamedia</subfield>
    </datafield>
    <datafield tag="362" ind1="0" ind2=" ">
        <subfield code="a">v.1- Nov. 4, 1955-</subfield>
    </datafield>
    <datafield tag="515" ind1=" " ind2=" ">
        <subfield code="a">Occasional irregularities in numbering.</subfield>
    </datafield>
    <datafield tag="515" ind1=" " ind2=" ">
        <subfield code="a">Vol. 34, no. 25 repeated in numbering.</subfield>
    </datafield>
    <datafield tag="530" ind1=" " ind2=" ">
        <subfield code="a">Back issues also available online.</subfield>
    </datafield>
    <datafield tag="596" ind1=" " ind2=" ">
        <subfield code="a">28 30 31 33 42</subfield>
    </datafield>
    <datafield tag="599" ind1=" " ind2=" ">
        <subfield code="a">31</subfield>
        <subfield code="b">V.62 NO.16 JAN 21, 2017;</subfield>
        <subfield code="b">V.62 NO.14 JAN 7, 2017;</subfield>
        <subfield code="b">V.62 NO.13 DEC 31, 2016;</subfield>
    </datafield>
    <datafield tag="650" ind1=" " ind2="0">
        <subfield code="a">Agriculture</subfield>
        <subfield code="z">Pennsylvania</subfield>
        <subfield code="z">Lancaster County</subfield>
        <subfield code="v">Periodicals.</subfield>
    </datafield>
    <datafield ind1=" " ind2=" " tag="752">
        <subfield code="a">United States</subfield>
        <subfield code="b">Pennsylvania</subfield>
        <subfield code="c">Lancaster</subfield>
        <subfield code="d">Lancaster.</subfield>
    </datafield>
    <datafield tag="830" ind1=" " ind2="0">
        <subfield code="a">Lancaster farming on microfilm.</subfield>
    </datafield>
    <datafield tag="037" ind1=" " ind2=" ">
        <subfield code="a">PSt SNPRES0001.1-0064.1</subfield>
        <subfield code="b">Preservation Office, The Pennsylvania State University, Pattee Library, University Park, PA 16802-1805</subfield>
    </datafield>
    <datafield tag="037" ind1=" " ind2=" ">
        <subfield code="a">PSt SNPRES0232-PSt SNPRES0410 (1984-1998)</subfield>
    </datafield>
    <datafield tag="533" ind1=" " ind2=" ">
        <subfield code="a">Microfilm.</subfield>
        <subfield code="m">1955-2003.</subfield>
        <subfield code="b">University Park, Pa. :</subfield>
        <subfield code="c">Pennsylvania State University,</subfield>
        <subfield code="d">1998-2011.</subfield>
        <subfield code="e">276 microfilm reels ; 35 mm.</subfield>
        <subfield code="f">(Lancaster farming on microfilm).</subfield>
    </datafield>
    <datafield tag="590" ind1=" " ind2=" ">
        <subfield code="a">Archival master stored at National Underground Storage, Boyers, PA.</subfield>
    </datafield>
</record>